@inproceedings{Apidianaki:2011:UCL:2140458.2140461,
 author = {Apidianaki, Marianna},
 title = {Unsupervised Cross-lingual Lexical Substitution},
 booktitle = {Proceedings of the First Workshop on Unsupervised Learning in NLP},
 series = {EMNLP '11},
 year = {2011},
 isbn = {978-1-937284-13-8},
 location = {Edinburgh, Scotland},
 pages = {13--23},
 numpages = {11},
 url = {http://dl.acm.org/citation.cfm?id=2140458.2140461},
 acmid = {2140461},
 publisher = {Association for Computational Linguistics},
 address = {Stroudsburg, PA, USA},
} 

@inproceedings{Virga:2003:TPN:1119384.1119392,
 author = {Virga, Paola and Khudanpur, Sanjeev},
 title = {Transliteration of Proper Names in Cross-lingual Information Retrieval},
 booktitle = {Proceedings of the ACL 2003 Workshop on Multilingual and Mixed-language Named Entity Recognition - Volume 15},
 series = {MultiNER '03},
 year = {2003},
 location = {Sapporo, Japan},
 pages = {57--64},
 numpages = {8},
 url = {http://dx.doi.org/10.3115/1119384.1119392},
 doi = {10.3115/1119384.1119392},
 acmid = {1119392},
 publisher = {Association for Computational Linguistics},
 address = {Stroudsburg, PA, USA},
} 

@inproceedings{Tiedemann:2004:WWA:1220355.1220386,
 author = {Tiedemann, J\"{o}rg},
 title = {Word to Word Alignment Strategies},
 booktitle = {Proceedings of the 20th International Conference on Computational Linguistics},
 series = {COLING '04},
 year = {2004},
 location = {Geneva, Switzerland},
 articleno = {212},
 url = {http://dx.doi.org/10.3115/1220355.1220386},
 doi = {10.3115/1220355.1220386},
 acmid = {1220386},
 publisher = {Association for Computational Linguistics},
 address = {Stroudsburg, PA, USA},
} 